
@article{BenhamoudaP13,
  author    = {Fabrice Benhamouda and
               David Pointcheval},
  title     = {{Verifier-Based Password-Authenticated Key Exchange: New Models and Constructions}},
  journal   = {IACR Cryptology ePrint Archive},
  volume    = {2013},
  year      = {2013},
  pages     = {833},
  url        = {http://eprint.iacr.org/2013/833},
}

@inproceedings{ChooBH05,
  author    = {Kim-Kwang Raymond Choo and
               Colin Boyd and
               Yvonne Hitchcock},
  title     = {Examining Indistinguishability-Based Proof Models for Key
               Establishment Protocols},
  booktitle = {ASIACRYPT},
  year      = {2005},
  pages     = {585--604},
  publisher = {Springer-Verlag},
  series    = {Lecture Notes in Computer Science},
  volume    = {3788},
}


@BOOK{Kaufmann02,
  title = {{Network Security: Private Communication in a Public World (2nd Edition)}},
  publisher = {Prentice Hall},
  year = {2002},
  author = {Kaufman, Charlie and Perlman, Radia and Speciner Mike}
}

@misc{eprint-2001-11524,
  title={{A Proposal for an ISO Standard for Public Key Encryption}},
  booktitle={IACR Eprint archive},
  keywords={public-key cryptography /},
  url={http://eprint.iacr.org/2001/112},
  note={ sho@zurich.ibm.com 11676 received 20 Dec 2001},
  author={Victor Shoup},
  year=2001
}

@misc{fips1804,
  title={{Federal Information Processing Standard 180-4 --- Secure Hash Standard (SHS)}},
  url={http://csrc.nist.gov/publications/fips/fips180-4/fips-180-4.pdf},
  author={{National Institute of Standards and Technology}},
  year=2012
}

@inproceedings{Abdalla2005a,
	 author = {Abdalla, Michel and Fouque, Pierre-Alain and Pointcheval, David},
	 title = {Password-Based authenticated key exchange in the three-party setting},
	 booktitle = {PKC'05},
	 year = {2005},
	 isbn = {3-540-24454-9, 978-3-540-24454-7},
	 location = {Les Diablerets, Switzerland},
	 pages = {65--84},
	 numpages = {20},
	 url = {http://dx.doi.org/10.1007/978-3-540-30580-4_6},
	 doi = {10.1007/978-3-540-30580-4_6},
	 acmid = {2131803},
	 publisher = {Springer-Verlag},
	 address = {Berlin, Heidelberg},
	 keywords = {authenticated key exchange, key distribution, multi-party protocols, password},
}

@inproceedings{Abdalla2005,
	author = {Abdalla, Michel and Pointcheval, David},
	 title = {Simple password-based encrypted key exchange protocols},
	 booktitle = {CT-RSA'05},
	 year = {2005},
	 isbn = {3-540-24399-2, 978-3-540-24399-1},
	 location = {San Francisco, CA},
	 pages = {191--208},
	 numpages = {18},
	 url = {http://dx.doi.org/10.1007/978-3-540-30574-3_14},
	 doi = {10.1007/978-3-540-30574-3_14},
	 acmid = {2139965},
	 publisher = {Springer-Verlag},
	 address = {Berlin, Heidelberg},
	 keywords = {Diffie-Hellman assumptions, encrypted key exchange, password},
}

@inproceedings{Abdalla2005b,
	 author = {Abdalla, Michel and Chevassut, Olivier and Fouque, Pierre-Alain and Pointcheval, David},
	 title = {{A simple threshold authenticated key exchange from short secrets}},
	 booktitle = {ASIACRYPT'05},
	 year = {2005},
	 isbn = {3-540-30684-6, 978-3-540-30684-9},
	 location = {Chennai, India},
	 pages = {566--584},
	 numpages = {19},
	 url = {http://dx.doi.org/10.1007/11593447_31},
	 doi = {10.1007/11593447_31},
	 acmid = {2099962},
	 publisher = {Springer-Verlag},
	 address = {Berlin, Heidelberg},
	 keywords = {password-based authentication, threshold protocols},
}

@article{Abdalla2007,
	 author = {Abdalla, Michel and Bresson, Emmanuel and Chevassut, Olivier and Moller, Bodo and Pointcheval, David},
	 title = {{Strong password-based authentication in TLS using the three-party group Diffie Hellman protocol}},
	 journal = {{Int. J. Secur. Netw.}},
	 issue_date = {April 2007},
	 volume = {2},
	 number = {3/4},
	 month = apr,
	 year = {2007},
	 issn = {1747-8405},
	 pages = {284--296},
	 numpages = {13},
	 url = {http://dx.doi.org/10.1504/IJSN.2007.013181},
	 doi = {10.1504/IJSN.2007.013181},
	 acmid = {1359035},
	 publisher = {Inderscience Publishers},
	 address = {Inderscience Publishers, Geneva, SWITZERLAND},
	 keywords = {TLS, cryptography, group Diffie Hellman key exchange, networks, password authentication, phishing attacks, transport layer security},
}

@inproceedings{Abdalla2006,
	 author = {Abdalla, Michel and Bresson, Emmanuel and Chevassut, Olivier and M\"{o}ller, Bodo and Pointcheval, David},
	 title = {{Provably secure password-based authentication in TLS}},
	 booktitle = {ASIACCS'06},
	 year = {2006},
	 isbn = {1-59593-272-0},
	 location = {Taipei, Taiwan},
	 pages = {35--45},
	 numpages = {11},
	 url = {http://doi.acm.org/10.1145/1128817.1128827},
	 doi = {10.1145/1128817.1128827},
	 acmid = {1128827},
	 publisher = {ACM},
	 address = {New York, NY, USA},
	 keywords = {TLS, encrypted key exchange, password authentication},
}

@inproceedings{Abdalla2008,
	 author = {Abdalla, Michel and Catalano, Dario and Chevalier, C{\'e}line and Pointcheval, David},
	 title = {{Efficient two-party password-based key exchange protocols in the UC framework}},
	 booktitle = {CT-RSA'08},
	 year = {2008},
	 isbn = {3-540-79262-7, 978-3-540-79262-8},
	 location = {San Francisco, CA, USA},
	 pages = {335--351},
	 numpages = {17},
	 url = {http://dl.acm.org/citation.cfm?id=1791688.1791720},
	 acmid = {1791720},
	 publisher = {Springer-Verlag},
	 address = {Berlin, Heidelberg},
}

@inproceedings{AbdallaBVS07,
  author    = {Michel Abdalla and
               Jens-Matthias Bohli and
               Maria Isabel Gonzalez Vasco and
               Rainer Steinwandt},
  title     = {{(Password) Authenticated Key Establishment: From 2-Party
               to Group}},
  booktitle = {TCC'07},
  year      = {2007},
  pages     = {499--514},
  publisher = {Springer},
  series    = {LNCS},
  volume    = {4392}
}

@inproceedings{AbdallaP06,
  author    = {Michel Abdalla and
               David Pointcheval},
  title     = {{A Scalable Password-Based Group Key Exchange Protocol in
               the Standard Model}},
  booktitle = {ASIACRYPT'06},
  year      = {2006},
  pages     = {332--347},
  publisher = {Springer},
  series    = {LNCS},
  volume    = {4284}
}

@inproceedings{Bagherzandi2011,
	 author = {Bagherzandi, Ali and Jarecki, Stanislaw and Saxena, Nitesh and Lu, Yanbin},
	 title = {{Password-protected secret sharing}},
	 booktitle = {CCS'11},
	 year = {2011},
	 isbn = {978-1-4503-0948-6},
	 location = {Chicago, Illinois, USA},
	 pages = {433--444},
	 numpages = {12},
	 url = {http://doi.acm.org/10.1145/2046707.2046758},
	 doi = {10.1145/2046707.2046758},
	 acmid = {2046758},
	 publisher = {ACM},
	 address = {New York, NY, USA},
	 keywords = {intrusion tolerance, password authentication, secret sharing},
}

@inproceedings{Bellare1994,
	Acmid = {{188164}},
	address = {{New York, NY, USA}},
	Isbn = {{0-387-57766-1}},
	Keywords = {{9500,authentication,ca 92093,computer security,cryptographic protocols,cryptography,cs,department of computer science,distributed systems,e-mail,edu,engineering,gilman drive,key distribution,la jolla,mail code 0114,mihir,san diego,ucsd,university of california at}},
	Location = {{Santa Barbara, California, United States}},
	Numpages = {{18}},
	publisher = {{Springer}},
	booktitle = {{CRYPTO'93}},
	Timestamp = {{2012.02.26}},
	Url = {{http://www.springerlink.com/index/WB2GADEG30Y2TFQB.pdf}},
	author = {Bellare, Mihir and Rogaway, Phillip},
	title = {{Entity Authentication and Key Distribution}},
	pages = {232-249},
	year = {{1994}},
}

@inproceedings{Bellare2000,
	author = {Bellare, Mihir and Pointcheval, David and Rogaway, Phillip},
	 title = {Authenticated key exchange secure against dictionary attacks},
	 booktitle = {EUROCRYPT'00},
	 year = {2000},
	 isbn = {3-540-67517-5},
	 location = {Bruges, Belgium},
	 pages = {139--155},
	 numpages = {17},
	 url = {http://dl.acm.org/citation.cfm?id=1756169.1756185},
	 acmid = {1756185},
	 publisher = {Springer-Verlag},
	 address = {Berlin, Heidelberg},
}

@INPROCEEDINGS{bellovin1992encrypted,
    author = {Bellovin, Steven M. and Merritt, Michael},
    title = {{Encrypted Key Exchange: Password-Based Protocols Secure Against Dictionary Attacks}},
    booktitle = {IEEE Symposium on Research in Security and Privacy},
    year = {1992},
    pages = {72--84},
    publisher = {}
}

@inproceedings{Blazy2012,
	 author = {Blazy, Olivier and Pointcheval, David and Vergnaud, Damien},
	 title = {{Round-Optimal privacy-preserving protocols with smooth projective hash functions}},
	 booktitle = {TCC'12},
	 year = {2012},
	 isbn = {978-3-642-28913-2},
	 location = {Sicily, Italy},
	 pages = {94--111},
	 numpages = {18},
	 url = {http://dx.doi.org/10.1007/978-3-642-28914-9_6},
	 doi = {10.1007/978-3-642-28914-9_6},
	 acmid = {2238944},
	 publisher = {Springer-Verlag},
	 address = {Berlin, Heidelberg},
}

@inproceedings{BonehF01,
  author    = {Dan Boneh and
               Matthew K. Franklin},
  title     = {{Identity-Based Encryption from the Weil Pairing}},
  booktitle = {CRYPTO'01},
  year      = {2001},
  pages     = {213--229},
  publisher = {Springer},
  series    = {LNCS},
  volume    = {2139}
}

@inproceedings{Boyko2000,
	Acmid = {{1756186}},
	address = {{Berlin, Heidelberg}},
	Isbn = {{3-540-67517-5}},
	Location = {{Bruges, Belgium}},
	Numpages = {{16}},
	publisher = {{Springer}},
	booktitle = {{EUROCRYPT'00}},
	Timestamp = {{2012.03.12}},
	Url = {{http://www.springerlink.com/index/ujabmpfhquge38xw.pdf}},
	author = {Boyko, Victor and MacKenzie, Philip and Patel, Sarvar},
	title = {{Provably Secure Password-Authenticated Key Exchange using Diffie-Hellman}},
	pages = {156-171},
	year = {{2000}},
}

@inproceedings{BrierCIMRT10,
		author = {Brier, Eric and Coron, Jean-S{\'e}bastien and Icart, Thomas and Madore, David and Randriam, Hugues and Tibouchi, Mehdi},
	 title = {Efficient indifferentiable hashing into ordinary elliptic curves},
	 booktitle = {CRYPTO'10},
	 year = {2010},
	 isbn = {3-642-14622-8, 978-3-642-14622-0},
	 location = {Santa Barbara, CA, USA},
	 pages = {237--254},
	 numpages = {18},
	 url = {http://dl.acm.org/citation.cfm?id=1881412.1881429},
	 acmid = {1881429},
	 publisher = {Springer-Verlag},
	 address = {Berlin, Heidelberg},
}

@inproceedings{Camenisch2010,
	 author = {Camenisch, Jan and Casati, Nathalie and Gross, Thomas and Shoup, Victor},
	 title = {{Credential authenticated identification and key exchange}},
	 booktitle = {CRYPTO'10},
	 year = {2010},
	 isbn = {3-642-14622-8, 978-3-642-14622-0},
	 location = {Santa Barbara, CA, USA},
	 pages = {255--276},
	 numpages = {22},
	 url = {http://dl.acm.org/citation.cfm?id=1881412.1881431},
	 acmid = {1881431},
	 publisher = {Springer-Verlag},
	 address = {Berlin, Heidelberg},
}

@InProceedings{Canetti2001a,
	Acmid = {{875553}},
	Address = {{Washington, DC, USA}},
	Isbn = {{0-7695-1390-5}},
	Keywords = {{cryptographic protocols, security analysis of protocols, concurrent composition}},
	Publisher = {{IEEE Computer Society}},
	booktitle = {{FOCS'01}},
	Url = {{http://dl.acm.org/citation.cfm?id=874063.875553}},
	author = {Canetti, R.},
	title = {{Universally Composable Security: A New Paradigm for Cryptographic Protocols}},
	pages = {136},
	year = {{2001}},
}

@inproceedings{Canetti2005,
	Acmid = {{2154631}},
	address = {{Berlin, Heidelberg}},
	Isbn = {{3-540-25910-4, 978-3-540-25910-7}},
	Location = {{Aarhus, Denmark}},
	Numpages = {{18}},
	publisher = {{Springer-Verlag}},
	booktitle = {{EUROCRYPT'05}},
	Timestamp = {{2012.09.10}},
	Url = {{http://www.springerlink.com/index/lhakt9cd58pn05pa.pdf}},
	author = {Canetti, Ran and Halevi, Shai and Katz, Jonathan and Lindell, Yehuda and MacKenzie, Phil},
	title = {{Universally Composable Password-Based Key Exchange}},
	journal = {{Symposium on Foundations of Computer Science (FOCS), 2001}},
	pages = {404-421},
	year = {{2005}},
	doi = {{10.1007/11426639\_24}},
}

@inproceedings{Cramer2002,
	Acmid = {{715842}},
	address = {{London, UK, UK}},
	Isbn = {{3-540-43553-0}},
	Numpages = {{20}},
	publisher = {{Springer-Verlag}},
	booktitle = {{EUROCRYPT'02}},
	Timestamp = {{2012.08.06}},
	Url = {{http://www.springerlink.com/index/4HTRM8XNPM7U2P89.pdf}},
	author = {Cramer, Ronald and Shoup, Victor},
	title = {{Universal Hash Proofs and a Paradigm for Adaptive Chosen Ciphertext Secure Public-Key Encryption}},
	pages = {45-64},
	year = {{2002}},
}

@INPROCEEDINGS{Cramer_Shoup_1998,
   author = {Cramer, Ronald and Shoup, Victor},
   affiliation = {ETH Zurich Institute for Theoretical Computer Science 8092 Zurich 8092 Zurich},
   title = {A practical public key cryptosystem provably secure against adaptive chosen ciphertext attack},
   booktitle = {CRYPTO'98},
   series = {Lecture Notes in Computer Science},
   editor = {Krawczyk, Hugo},
   publisher = {Springer Berlin / Heidelberg},
   isbn = {978-3-540-64892-5},
   keyword = {Computer Science},
   pages = {13-25},
   volume = {1462},
   url = {http://dx.doi.org/10.1007/BFb0055717},
   note = {10.1007/BFb0055717},
   year = {1998}
}

@article{cryptoeprint:2012:537,
	author = {{\"O}zgur Dagdelen and Marc Fischlin},
    title = {{Unconditionally-Secure Universally Composable Password-Based Key-Exchange based on One-Time Memory Tokens}},
    howpublished = {Cryptology ePrint Archive, Report 2012/537},
    year = {2012},
    note = {\url{http://eprint.iacr.org/}},
	journal = {{IACR Cryptology ePrint Archive}},
	volume = {{2012}},
}

@inproceedings{Florencio2007,
	Acmid = {{1242661}},
	address = {{New York, NY, USA}},
	booktitle = {{16th international conference on World Wide Web}},
	Isbn = {{9781595936547}},
	Keywords = {{authentication,measurements,password}},
	Location = {{Banff, Alberta, Canada}},
	Numpages = {{10}},
	publisher = {{ACM}},
	series = {{WWW'07}},
	Timestamp = {{2012.04.14}},
	Url = {{http://dl.acm.org/citation.cfm?id=1242661}},
	author = {Florencio, Dinei and Herley, Cormac},
	title = {{A Large-Scale Study of Web Password Habits}},
	journal = {{International conference on World Wide Web}},
	pages = {657-666},
	year = {{2007}},
	doi = {{10.1145/1242572.1242661}},
}

@inproceedings{Gaw2006a,
	Acmid = {{1143127}},
	address = {{New York, New York, USA}},
	booktitle = {{Symposium on Usable privacy and security}},
	Isbn = {{1595934480}},
	Keywords = {{password,security,survey,user behavior}},
	Location = {{Pittsburgh, Pennsylvania}},
	Numpages = {{12}},
	publisher = {{ACM Press}},
	Series = {{SOUPS'06}},
	Timestamp = {{2012.04.14}},
	Url = {{http://portal.acm.org/citation.cfm?doid=1143120.1143127}},
	author = {Gaw, Shirley and Felten, Edward W.},
	title = {{Password Management Strategies for Online Accounts}},
	pages = {44-55},
	year = {{2006}},
	doi = {{10.1145/1143120.1143127}},
}

@article{Gennaro2003,
	author = {Gennaro, Rosario and Lindell, Yehuda},
	 title = {{A Framework for Password-Based Authenticated Key Exchange}},
	 journal = {{ACM Trans. Inf. Syst. Secur.}},
	 issue_date = {May 2006},
	 volume = {9},
	 number = {2},
	 month = {{may}},
	 year = {2006},
	 issn = {1094-9224},
	 pages = {181--234},
	 numpages = {54},
	 url = {http://doi.acm.org/10.1145/1151414.1151418},
	 doi = {10.1145/1151414.1151418},
	 acmid = {1151418},
	 publisher = {ACM},
	 address = {New York, NY, USA},
	 keywords = {Passwords, authentication, dictionary attack, projective hash functions},
}

@incollection{Gennaro2008,
	author = {Gennaro, Rosario},
	 title = {{Faster and Shorter Password-Authenticated Key Exchange}},
	 booktitle = {TCC'08},
	 year = {2008},
	 isbn = {3-540-78523-X, 978-3-540-78523-1},
	 location = {New York, USA},
	 pages = {589--606},
	 numpages = {18},
	 url = {http://dl.acm.org/citation.cfm?id=1802614.1802659},
	 acmid = {1802659},
	 publisher = {Springer-Verlag},
	 address = {Berlin, Heidelberg},
}

@inproceedings{Goldreich01,
	Acmid = {{704275}},
	address = {{London, UK, UK}},
	Isbn = {{3-540-42456-3}},
	Numpages = {{25}},
	publisher = {{Springer-Verlag}},
	booktitle = {{CRYPTO'01}},
	Timestamp = {{2012.04.16}},
	Url = {{http://dl.acm.org/citation.cfm?id=646766.704275}},
	author = {Goldreich, Oded and Lindell, Yehuda},
	title = {{Session-Key Generation Using Human Passwords Only}},
	journal = {{CRYPTO 2001}},
	pages = {408-432},
	year = {{2001}},
}

@inproceedings{jarecki2008beyond,
	Acmid = {{1791721}},
	address = {{Berlin, Heidelberg}},
	Isbn = {{3-540-79262-7, 978-3-540-79262-8}},
	Keywords = {{authenticated key exchange, privacy, secret handshakes}},
	Location = {{San Francisco, CA, USA}},
	Numpages = {{18}},
	publisher = {{Springer}},
	booktitle = {{CT-RSA'08}},
	Url = {{http://dl.acm.org/citation.cfm?id=1791688.1791721}},
	author = {Jarecki, Stanis\law and Kim, Jihye and Tsudik, Gene},
	title = {{Beyond Secret Handshakes: Affiliation-Hiding Authenticated Key Exchange}},
	journal = {{Topics in Cryptology–CT-RSA 2008}},
	pages = {352-369},
	year = {{2008}},
}

@book{katz2008introduction,
  title={Introduction to modern cryptography},
  author={Katz, J. and Lindell, Y.},
  isbn={9781584885511},
  lccn={2007017861},
  series={Chapman \& Hall/CRC cryptography and network security},
  url={http://books.google.co.uk/books?id=WIc\_AQAAIAAJ},
  year={2008},
  publisher={Chapman \& Hall/CRC}
}

@article{Katz2009a,
	Acmid = {{1613679}},
	Address = {{New York, NY, USA}},
	Articleno = {{3}},
	Issn = {{0004-5411}},
	Issue_date = {{November 2009}},
	Keywords = {{Authentication, cryptography, passwords}},
	Month = {{nov}},
	Numpages = {{39}},
	Publisher = {{ACM}},
	Timestamp = {{2012.01.30}},
	Url = {{http://dl.acm.org/citation.cfm?id=1613679}},
	author = {Katz, Jonathan and Ostrovsky, Rafail and Yung, Moti},
	title = {{Efficient and Secure Authenticated Key Exchange Using Weak Passwords}},
	journal = {{J. ACM}},
	volume = {{57}},
	number = {{1}},
	pages = {3-1},
	year = {{2009}},
	doi = {{10.1145/1613676.1613679}},
}

@inproceedings{Katz2011,
	author = {Katz, Jonathan and Vaikuntanathan, Vinod},
	 title = {Round-optimal password-based authenticated key exchange},
	 booktitle = {TCC'11},
	 year = {2011},
	 isbn = {978-3-642-19570-9},
	 location = {Providence, RI},
	 pages = {293--310},
	 numpages = {18},
	 url = {http://dl.acm.org/citation.cfm?id=1987260.1987284},
	 acmid = {1987284},
	 publisher = {Springer-Verlag},
	 address = {Berlin, Heidelberg},
}

@inproceedings{Katz_Ostrovsky_Yung_2001,
	place={London, UK, UK},
	title={{Efficient Password-Authenticated Key Exchange Using Human-Memorable Passwords}},
	ISBN={3-540-42070-3},
	url={http://dl.acm.org/citation.cfm?id=647086.715672},
	booktitle={EUROCRYPT'01},
	publisher={Springer-Verlag},
	author={Katz, Jonathan and Ostrovsky, Rafail and Yung, Moti},
	year={2001},
	pages={475–494}
}

@inproceedings{Manulis2010,
	author = {Manulis, Mark and Pinkas, Benny and Poettering, Bertram},
	 title = {Privacy-preserving group discovery with linear complexity},
	 booktitle = {ACNS'10},
	 year = {2010},
	 isbn = {3-642-13707-5, 978-3-642-13707-5},
	 location = {Beijing, China},
	 pages = {420--437},
	 numpages = {18},
	 url = {http://dl.acm.org/citation.cfm?id=1894302.1894335},
	 acmid = {1894335},
	 publisher = {Springer-Verlag},
	 address = {Berlin, Heidelberg},
}

@inproceedings{Manulis2011,
	author = {Manulis, Mark and Poettering, Bertram},
	 title = {Practical affiliation-hiding authentication from improved polynomial interpolation},
	 booktitle = {ASIACCS'11},
	 year = {2011},
	 isbn = {978-1-4503-0564-8},
	 location = {Hong Kong, China},
	 pages = {286--295},
	 numpages = {10},
	 url = {http://doi.acm.org/10.1145/1966913.1966950},
	 doi = {10.1145/1966913.1966950},
	 acmid = {1966950},
	 publisher = {ACM},
	 address = {New York, NY, USA},
	 keywords = {IHME, affiliation-hiding authentication, polynomial interpolation, privacy-preserving protocols},
}

@inproceedings{NguyenV04,
  author    = {Minh-Huyen Nguyen and
               Salil P. Vadhan},
  title     = {{Simpler Session-Key Generation from Short Random Passwords}},
  booktitle = {TCC'04},
  year      = {2004},
  pages     = {428--445},
  publisher = {Springer},
  series    = {LNCS},
  volume    = {2951}
}

@inproceedings{Pointcheval2012,
	author = {Pointcheval, David},
	 title = {Password-Based authenticated key exchange},
	 booktitle = {PKC'12},
	 year = {2012},
	 isbn = {978-3-642-30056-1},
	 location = {Darmstadt, Germany},
	 pages = {390--397},
	 numpages = {8},
	 url = {http://dx.doi.org/10.1007/978-3-642-30057-8_23},
	 doi = {10.1007/978-3-642-30057-8_23},
	 acmid = {2342276},
	 publisher = {Springer-Verlag},
	 address = {Berlin, Heidelberg},
}

@article{pseudorandomSignatures,
	Bibsource = {{DBLP, http://dblp.uni-trier.de}},
	Ee = {{http://eprint.iacr.org/2011/673}},
	author = {Fleischhacker, Nils and G{\"u}nther, Felix and Kiefer, Franziskus and Manulis, Mark and Poettering, Bertram},
	title = {{Pseudorandom Signatures}},
	journal = {{IACR Cryptology ePrint Archive}},
	volume = {{2011}},
	pages = {673},
	year = {{2011}},
}

@Misc{rfc3526,
	Author:corp = {{Internet Engineering Task Force}},
	Month = {{May}},
	Number = {{3526}},
	Publisher = {{IETF}},
	Series = {{Request for Comments}},
	Timestamp = {{2012.09.23}},
	Url = {{http://www.ietf.org/rfc/rfc3526.txt}},
	author = {Kivinen, T. and Kojo, M.},
	title = {{RFC 3526 - More Modular Exponential (MODP) Diffie-Hellman groups for Internet Key Exchange (IKE)}},
	year = {{2003}},
}

@Misc{rfc5246,
	Author:corp = {{Internet Engineering Task Force}},
	Month = {{aug}},
	Note = {{Updated by RFCs 5746, 5878, 6176}},
	Number = {{5246}},
	Publisher = {{IETF}},
	Series = {{Request for Comments}},
	Timestamp = {{2012.08.10}},
	Url = {{http://www.ietf.org/rfc/rfc5246.txt}},
	author = {Dierks, T. and Rescorla, E.},
	title = {{RFC 5246 - The Transport Layer Security (TLS) Protocol Version 1.2}},
	year = {{2008}},
}

@inproceedings{Sahai,
	Acmid = {{796535}},
	address = {{Washington, DC, USA}},
	Isbn = {{0-7695-0409-4}},
	publisher = {{IEEE Comput. Soc}},
	booktitle = {{FOCS'99}},
	Timestamp = {{2012.09.22}},
	Url = {{http://ieeexplore.ieee.org/lpdocs/epic03/wrapper.htm?arnumber=814628}},
	author = {Sahai, Amit},
	title = {{Non-Malleable Non-Interactive Zero Knowledge and Adaptive Chosen-Ciphertext Security}},
	journal = {{40th Annual Symposium on Foundations of Computer Science (Cat. No.99CB37039)}},
	pages = {543},
	year = {{1999}},
	doi = {{10.1109/SFFCS.1999.814628}},
}

@inproceedings{SantisCOPS01,
  author    = {Alfredo De Santis and
               Giovanni Di Crescenzo and
               Rafail Ostrovsky and
               Giuseppe Persiano and
               Amit Sahai},
  title     = {{Robust Non-interactive Zero Knowledge}},
  booktitle = {CRYPTO'01},
  year      = {2001},
  pages     = {566--598},
  publisher = {Springer},
  series    = {LNCS},
  volume    = {2139}}
