@article{Pollard78,
  title={{Monte Carlo methods for index computation (mod$\backslash$ p)}},
  author={Pollard, John M},
  journal={Mathematics of computation},
  volume={32},
  number={143},
  pages={918--924},
  year={1978}
}

@Misc{Damgard10,
  title = {{On $\Sigma$-protocols}},
  author  = {Ivan Damg{\aa}rd},
  howpublished = {\url{http://www.cs.au.dk/~ivan/Sigma.pdf}},
  year = {2010}
}


@inproceedings{das14,
  author =        {Anupam Das and Joseph Bonneau and Matthew Caesar and
                   Nikita Borisov and XiaoFeng Wang},
  booktitle =     {{NDSS}},
  title =         {{The Tangled Web of Password Reuse}},
  year =          {2014},
  url =           {http://www.internetsociety.org/doc/ tangled-web-password-reuse},
  publisher = {The Internet Society},
}

@inproceedings{BaldiBCGT11,
  author =        {Pierre Baldi and Roberta Baronio and
                   Emiliano De Cristofaro and Paolo Gasti and
                   Gene Tsudik},
  booktitle =     {CCS'11},
  pages =         {691--702},
  publisher =     {{ACM}},
  title =         {{Countering {GATTACA:} efficient and secure testing of fully-sequenced human genomes}},
  year =          {2011},
  url =           {http://doi.acm.org/10.1145/2046707.2046785},
}

@article{FerraioloK09,
  author =        {David F. Ferraiolo and D. Richard Kuhn},
  journal =       {CoRR},
  title =         {{Role-Based Access Controls}},
  volume =        {abs/0903.2171},
  year =          {2009},
  url =           {http://arxiv.org/abs/0903.2171},
}

@phdthesis{bei96,
  author =        {Beimel, Amos},
  school =        {Technion-Israel Institute of technology, Faculty of computer science},
  title =         {Secure schemes for secret sharing and key distribution},
  year =          {1996},
}

@article{ito89,
  author =        {Ito, Mitsuru and Saito, Akira and Nishizeki, Takao},
  journal =       {Electronics and Communications in Japan (Part III: Fundamental Electronic Science)},
  number =        {9},
  pages =         {56--64},
  publisher =     {Wiley Subscription Services, Inc., A Wiley Company},
  title =         {Secret sharing scheme realizing general access structure},
  volume =        {72},
  year =          {1989},
}

@article{LiuC10,
  author =        {Zhenfu Cao and Zhen Liu and Duncan S. Wong},
  journal =       {{IACR} Cryptology ePrint Archive},
  pages =         {374},
  title =         {{On Efficiently Transferring the Linear Secret-Sharing Scheme Matrix in Ciphertext-Policy Attribute-Based Encryption}},
  volume =        {2010},
  year =          {2010},
  url =           {http://eprint.iacr.org/2010/374},
}

@inproceedings{suo05,
  author =        {Xiaoyuan Suo and Ying Zhu and G. Scott Owen},
  booktitle =     {ACSAC'05},
  pages =         {463--472},
  title =         {{Graphical Passwords: {A} Survey}},
  year =          {2005},
  url =           {http://dx.doi.org/10.1109/CSAC.2005.27},
}

@article{shannon48,
  author = {Shannon, Claude},
  journal = {Bell System Technical Journal},
  month = {July, October},
  pages = {379--423, 623--656},
  title = {A Mathematical Theory of Communication},
  url = {http://cm.bell-labs.com/cm/ms/what/shannonday/shannon1948.pdf},
  volume = 27,
  year = 1948
}

@article{Canetti00,
  author =        {Ran Canetti},
  journal =       {J. Cryptology},
  number =        {1},
  pages =         {143--202},
  title =         {{Security and Composition of Multiparty Cryptographic Protocols}},
  volume =        {13},
  year =          {2000},
  url =           {http://dx.doi.org/10.1007/s001459910006},
}

@inproceedings{Pinkas0Z14,
  author =        {Benny Pinkas and Thomas Schneider and Michael Zohner},
  booktitle =     {USENIX'14},
  pages =         {797--812},
  title =         {{Faster Private Set Intersection Based on {OT} Extension}},
  year =          {2014},
  url =           {https://www.usenix.org/conference/usenixsecurity14/technical-sessions/presentation/pinkas},
}

@inproceedings{fre04,
  author    = {Michael J. Freedman and
               Kobbi Nissim and
               Benny Pinkas},
  title     = {{Efficient Private Matching and Set Intersection}},
  booktitle = {EUROCRYPT'04},
  pages     = {1--19},
  year      = {2004},  
  series    = {Lecture Notes in Computer Science},
  volume    = {3027},
  publisher = {Springer},
}

@article{blo70,
  author =        {Burton H. Bloom},
  journal =       {Commun. {ACM}},
  number =        {7},
  pages =         {422--426},
  title =         {{Space/Time Trade-offs in Hash Coding with Allowable Errors}},
  volume =        {13},
  year =          {1970},
  doi =           {10.1145/362686.362692},
  url =           {http://doi.acm.org/10.1145/362686.362692},
}

@inproceedings{WenD14,
  author =        {Zikai Wen and Changyu Dong},
  booktitle =     {SAC'14},
  pages =         {1688--1694},
  publisher =     {{ACM}},
  title =         {Efficient protocols for private record linkage},
  year =          {2014},
  publisher = {{ACM}},
}

@inproceedings{DongCW13,
  author =        {Changyu Dong and Liqun Chen and Zikai Wen},
  booktitle =     {ACM Conference on Computer and Communications
                   Security},
  pages =         {789--800},
  title =         {When private set intersection meets big data: an
                   efficient and scalable protocol},
  year =          {2013},
}

@article{charm13,
  year={2013},
  issn={2190-8508},
  journal={Journal of Cryptographic Engineering},
  volume={3},
  number={2},
  doi={10.1007/s13389-013-0057-3},
  title={Charm: a framework for rapidly prototyping cryptosystems},
  url={http://dx.doi.org/10.1007/s13389-013-0057-3},
  publisher={Springer},
  keywords={Applied cryptography; Protocols; Software; Privacy},
  author={Akinyele, Joseph A. and Garman, Christina and Miers, Ian and Pagano, Matthew W. and Rushanan, Michael and Green, Matthew and Rubin, Aviel D.},
  pages={111-128},
}

@Misc{nistEC,
  title = {{National Institute of Standards and Technology. Recommended elliptic curves for federal government use}},
  author  = {NIST},
  howpublished = {\url{http://csrc.nist.gov/groups/ST/toolkit/documents/dss/NISTReCur.pdf}},
  year = {1999}
}

@inproceedings{FurukawaS01,
  author    = {Jun Furukawa and
               Kazue Sako},
  title     = {{An Efficient Scheme for Proving a Shuffle}},
  booktitle = {CRYPTO'01},
  year      = {2001},
  pages     = {368--387},
  publisher = {Springer},
  series    = {LNCS},
  volume    = {2139},
}

@article{Furukawa05,
  author    = {Jun Furukawa},
  title     = {{Efficient and Verifiable Shuffling and Shuffle-Decryption}},
  journal   = {IEICE Transactions},
  volume    = {88-A},
  number    = {1},
  year      = {2005},
  pages     = {172--188},
}

@inproceedings{FiatS86,
  author    = {Amos Fiat and
               Adi Shamir},
  title     = {{How to Prove Yourself: Practical Solutions to Identification
               and Signature Problems}},
  booktitle = {CRYPTO'86},
  year      = {1986},
  pages     = {186--194},
  publisher = {Springer-Verlag},
  series    = {Lecture Notes in Computer Science},
  volume    = {263},
}

@inproceedings{CamenischCS08,
  author    = {Jan Camenisch and
               Rafik Chaabouni and
               Abhi Shelat},
  title     = {{Efficient Protocols for Set Membership and Range Proofs}},
  booktitle = {ASIACRYPT},
  year      = {2008},
  pages     = {234--252},
  publisher = {Springer-Verlag},
  series    = {Lecture Notes in Computer Science},
  volume    = {5350},
}

@inproceedings{CramerDM00,
  author    = {Ronald Cramer and
               Ivan Damg{\aa}rd and
               Philip D. MacKenzie},
  title     = {{Efficient Zero-Knowledge Proofs of Knowledge Without Intractability
               Assumptions}},
  booktitle = {PKC'00},
  year      = {2000},
  pages     = {354--373},
  publisher = {Springer},
  series    = {LNCS},
  volume    = {1751},
}

@inproceedings{Gamal84,
  author    = {El Gamal, Taher},
  title     = {{A Public Key Cryptosystem and a Signature Scheme Based on Discrete Logarithms}},
  booktitle = {CRYPTO'84},
  pages     = {10--18},
  year      = {1984},
  series    = {Lecture Notes in Computer Science},
  volume    = {196},
  publisher = {Springer},
}

@inproceedings{CanettiF01,
  author    = {Ran Canetti and
               Marc Fischlin},
  title     = {Universally Composable Commitments},
  booktitle = {CRYPTO'01},
  pages     = {19--40},
  year      = {2001},
  series    = {Lecture Notes in Computer Science},
  volume    = {2139},
  publisher = {Springer},
}

@misc{FIPS-197,
    comment = {\url{http://csrc.nist.gov/publications/fips/fips197/fips-197.pdf}},
    title = {Federal Information Processing Standards Publication ({FIPS} 197). {Advanced Encryption Standard (AES)}},
    author = {NIST},
    year = {2001}
}

@OTHER{FirefoxSync,
  author = {{Mozilla Inc.}},
  howpublished = {\url{https://wiki.mozilla.org/Identity/AttachedServices/KeyServerProtocol}},
  month = sep,
  title = {{Identity/AttachedServices/KeyServerProtocol}},
  year = {2015}
}

@misc{hashcat,
  author =        {hashcat},
  howpublished =  {{\url{http://hashcat.net/}}},
  note =          {{Accessed: 01/04/2015}},
  title =         {{hashcat - advanced password recovery}},
  year =          {{2014}},
}

@book{Goldreich2001,
  author =        {Oded Goldreich},
  publisher =     {Cambridge University Press},
  title =         {The Foundations of Cryptography - Volume 1, Basic Techniques},
  year =          {2001},
  isbn =          {0-521-79172-3},
}

@book{Goldreich2004,
  author =        {Oded Goldreich},
  publisher =     {Cambridge University Press},
  title =         {The Foundations of Cryptography - Volume 2, Basic Applications},
  year =          {2004},
  isbn =          {0-521-83084-2},
}

@inproceedings{ProvosM99,
  author    = {Niels Provos and
               David Mazi{\`{e}}res},
  title     = {{A Future-Adaptable Password Scheme}},
  booktitle = {USENIX'99},
  pages     = {81--91},
  year      = {1999},
  publisher = {{USENIX}},
}

@Article{nist800,
	title = {{Recommendation for password-based key derivation}},
	author = {Meltem S\"onmez Turan and Elaine Barker and William Burr and and Lily Chen},
	journal = {NIST Special Publication 800-132},
	year = {2010}
}

@inproceedings{KomanduriSKMBCCE11,
  author    = {Saranga Komanduri and
               Richard Shay and
               Patrick Gage Kelley and
               Michelle L. Mazurek and
               Lujo Bauer and
               Nicolas Christin and
               Lorrie Faith Cranor and
               Serge Egelman},
  title     = {{Of passwords and people: measuring the effect of password-composition policies}},
  booktitle = {{Proceedings of the International Conference on Human Factors in Computing Systems, {CHI} 2011, Vancouver, BC, Canada, May 7-12, 2011}},
  year      = {2011},
  pages     = {2595--2604},
  publisher = {{ACM}},
}

@inproceedings{MazurekKVBCCKSU13,
       publisher	= {ACM},
       url			= {http://doi.acm.org/10.1145/2508859.2516726},
       pages		= {173--186},
       year			= {2013},
       booktitle	= {CCS'13},
       title		= {{Measuring password guessability for an entire university}},
       author		= {Michelle L. Mazurek and
                       Saranga Komanduri and
                       Timothy Vidas and
                       Lujo Bauer and
                       Nicolas Christin and
                       Lorrie Faith Cranor and
                       Patrick Gage Kelley and
                       Richard Shay and
                       Blase Ur},
}

@inproceedings{ShayKKLMBCC10,
  author    = {Richard Shay and
               Saranga Komanduri and
               Patrick Gage Kelley and
               Pedro Giovanni Leon and
               Michelle L. Mazurek and
               Lujo Bauer and
               Nicolas Christin and
               Lorrie Faith Cranor},
  title     = {{Encountering stronger password requirements: user attitudes and behaviors}},
  booktitle = {SOUPS'10},
  year      = {2010},
  volume    = {485},
  publisher = {{ACM}},
}

@inproceedings{Parsovs14,
  author    = {Arnis Parsovs},
  title     = {{Practical Issues with {TLS} Client Certificate Authentication}},
  booktitle = {NDSS'14},
  year      = {2014},
  publisher = {The Internet Society},
}

@inproceedings{Wu98,
  author    = {Thomas D. Wu},
  title     = {{The Secure Remote Password Protocol}},
  booktitle = {NDSS'98},
  year      = {1998},
  publisher = {The Internet Society},
}

@inproceedings{FleischhackerMA14,
  author    = {Fleischhacker, Nils and Manulis, Mark and Azodi, Amir},
  title     = {{A Modular Framework for Multi-Factor Authentication and Key Exchange}},
  booktitle = {Security Standardisation Research},
  pages     = {190-214},
  year      = {2014},
  series    = {Lecture Notes in Computer Science},
  volume    = {8893},
  publisher = {Springer},
}

@Misc{picturepwd2,
	Note = {{Accessed: 09/042/2015}},
	howpublished = {{\url{http://windows.microsoft.com/en-gb/windows-8/personalize-pc-tutorial}}},
	author = {{Microsoft}},
	title = {{Personalize your PC}},
	year = {{2015}},
}

@Misc{picturepwd1,
	Note = {{Accessed: 09/042/2015}},
	howpublished = {{\url{http://blogs.msdn.com/b/b8/archive/2011/12/16/signing-in-with-a-picture-password.aspx}}},
	author = {{Steven Sinofsky}},
	title = {{Signing in with a picture password}},
	year = {{2011}},
}

@misc{Blonder96,
  title={Graphical password},
  author={Blonder, Greg E},
  year={1996},
  month=sep # "~24",
  publisher={Google Patents},
  note={US Patent 5,559,961}
}

@inproceedings{FordK00,
  author    = {Ford, Warwick and
               Kaliski Jr., Burton S.},
  title     = {{Server-Assisted Generation of a Strong Secret from a Password}},
  booktitle = {{IEEE} International Workshops on Enabling Technologies: Infrastructure for Collaborative Enterprises (WETICE 2000)},
  pages     = {176--180},
  year      = {2000},
  publisher = {{IEEE} Computer Society},
}


@misc{cryptoeprint:2013:034,
    author = {Fabrice Benhamouda and Olivier Blazy and Céline Chevalier and David Pointcheval and Damien Vergnaud},
    title = {New Smooth Projective Hash Functions and One-Round Authenticated Key Exchange},
    howpublished = {Cryptology ePrint Archive, Report 2013/034},
    year = {2013},
    note = {\url{http://eprint.iacr.org/}},
}

@inproceedings{SzydloK05,
  author    = {Michael Szydlo and
               Burton S. Kaliski Jr.},
  title     = {{Proofs for Two-Server Password Authentication}},
  booktitle = {CT-RSA'05},
  pages     = {227--244},
  year      = {2005},
  url       = {http://dx.doi.org/10.1007/978-3-540-30574-3_16},
  series    = {Lecture Notes in Computer Science},
  volume    = {3376},
  publisher = {Springer},
}

@inproceedings{BrainardJKS03,
  author    = {John G. Brainard and
               Ari Juels and
               Burt Kaliski and
               Michael Szydlo},
  title     = {{A New Two-Server Approach for Authentication with Short Secrets}},
  booktitle = {USENIX Security Symposium},
  year      = {2003},
  publisher = {{USENIX} Association},
}

@misc{Shoup01,
    author = {Victor Shoup},
    title = {{A Proposal for an ISO Standard for Public Key Encryption}},
    journal   = {IACR Cryptology ePrint Archive},
    volume    = {2001},
    year      = {2001},
    pages     = {112},
    url        = {http://eprint.iacr.org/2001/112},
}

@inproceedings{Pedersen91,
  author =        {Torben P. Pedersen},
  booktitle =     {CRYPTO'91},
  pages =         {129--140},
  publisher =     {Springer},
  series =        {LNCS},
  title =         {{Non-Interactive and Information-Theoretic Secure
                   Verifiable Secret Sharing}},
  volume =        {576},
  year =          {1991},
}

@inproceedings{Damgard00,
  author =        {Ivan Damg{\aa}rd},
  booktitle =     {EUROCRYPT'00},
  pages =         {418--430},
  publisher =     {Springer},
  series =        {LNCS},
  title =         {Efficient Concurrent Zero-Knowledge in the Auxiliary
                   String Model},
  volume =        {1807},
  year =          {2000},
}

@inproceedings{JareckiL00,
  author =        {Stanislaw Jarecki and Anna Lysyanskaya},
  booktitle =     {EUROCRYPT'00},
  pages =         {221--242},
  publisher =     {Springer},
  series =        {LNCS},
  title =         {Adaptively Secure Threshold Cryptography: Introducing
                   Concurrency, Removing Erasures},
  volume =        {1807},
  year =          {2000},
}

@Misc{rockyouBreach,
	Note = {{Accessed: 19/12/2014}},
	howpublished = {{\url{http://techcrunch.com/2009/12/14/rockyou-hack-security-myspace-facebook-passwords/}}},
	author = {{Nik Cubrilovic}},
	title = {{RockYou Hack: From Bad To Worse}},
	year = {{2014}},
}

@Misc{cupidBreach,
	Note = {{Accessed: 19/12/2014}},
	howpublished = {{\url{http://arstechnica.com/security/2013/11/hack-of-cupid-media-dating-website-exposes-42-million-plaintext-passwords/}}},
	author = {{Dan Goodin}},
	title = {{Hack of Cupid Media dating website exposes 42 million plaintext passwords}},
	year = {{2014}},
}

@Misc{msBreach,
	Note = {{Accessed: 19/12/2014}},
	howpublished = {{\url{http://ca.reuters.com/article/technologyNews/idCATRE81C0E120120213}}},
	author = {{Thomson Reuters}},
	title = {{Microsoft India store down after hackers take user data}},
	year = {{2014}},
}

@Misc{adobeBreach,
	Note = {{Accessed: 19/12/2014}},
	howpublished = {{\url{http://nakedsecurity.sophos.com/2013/11/04/anatomy-of-a-password-disaster-adobes-giant-sized-cryptographic-blunder/}}},
	author = {{nakedsecurity}},
	title = {{Anatomy of a password disaster - Adobe's giant-sized cryptographic blunder}},
	year = {{2014}},
}

@article{BenhamoudaP13,
  author    = {Fabrice Benhamouda and
               David Pointcheval},
  title     = {{Verifier-Based Password-Authenticated Key Exchange: New Models and Constructions}},
  journal   = {IACR Cryptology ePrint Archive},
  volume    = {2013},
  year      = {2013},
  pages     = {833},
  url        = {http://eprint.iacr.org/2013/833},
}

@inproceedings{BellovinM93,
  author    = {Steven M. Bellovin and
               Michael Merritt},
  title     = {{Augmented Encrypted Key Exchange: A Password-Based Protocol
               Secure against Dictionary Attacks and Password File Compromise}},
  year      = {1993},
  pages     = {244--250},
  booktitle = {ACM CCS'93},
  publisher = {ACM},
}

@article{BallardGMM05,
  author    = {Lucas Ballard and
               Matthew Green and
               Breno de Medeiros and
               Fabian Monrose},
  title     = {{Correlation-Resistant Storage via Keyword-Searchable Encryption}},
  journal   = {{IACR} Cryptology ePrint Archive},
  volume    = {2005},
  pages     = {417},
  year      = {2005},
  url       = {http://eprint.iacr.org/2005/417},
}

@article{AtenieseCHM05,
  author    = {Giuseppe Ateniese and
               Jan Camenisch and
               Susan Hohenberger and
               Breno de Medeiros},
  title     = {{Practical Group Signatures without Random Oracles}},
  journal   = {{IACR} Cryptology ePrint Archive},
  volume    = {2005},
  pages     = {385},
  year      = {2005},
  url       = {http://eprint.iacr.org/2005/385},
}

@article{GalbraithPS08,
  author    = {Steven D. Galbraith and
               Kenneth G. Paterson and
               Nigel P. Smart},
  title     = {Pairings for cryptographers},
  journal   = {Discrete Applied Mathematics},
  volume    = {156},
  number    = {16},
  pages     = {3113--3121},
  year      = {2008},
  url       = {http://dx.doi.org/10.1016/j.dam.2007.12.010}
}

@book{HankersonMS03,
 author = {Hankerson, Darrel and Menezes, Alfred J. and Vanstone, Scott},
 title = {{Guide to Elliptic Curve Cryptography}},
 year = {2003},
 isbn = {038795273X},
 publisher = {Springer-Verlag New York, Inc.},
 address = {Secaucus, NJ, USA},
} 

@ARTICLE{Abadi2002,
  author = {Abadi, Mart\'{i}n and Rogaway, Phillip},
  title = {{Reconciling Two Views of Cryptography (The Computational Soundness
	of Formal Encryption)}},
  journal = {Journal of Cryptology},
  year = {2002},
  volume = {15},
  pages = {103--127},
  number = {2},
  publisher = {Springer-Verlag}
}

@INPROCEEDINGS{AbdallaBVS07,
  author = {Michel Abdalla and Jens-Matthias Bohli and Maria Isabel Gonzalez
	Vasco and Rainer Steinwandt},
  title = {{(Password) Authenticated Key Establishment: From 2-Party to Group}},
  booktitle = {TCC'07},
  year = {2007},
  volume = {4392},
  series = {Lecture Notes in Computer Science},
  pages = {499--514},
  publisher = {Springer-Verlag}
}

@INPROCEEDINGS{AbdallaBCP09,
  author = {Michel Abdalla and Xavier Boyen and C{\'e}line Chevalier and David
	Pointcheval},
  title = {{Distributed Public-Key Cryptography from Weak Secrets}},
  booktitle = {PKC'09},
  year = {2009},
  volume = {5443},
  series = {Lecture Notes in Computer Science},
  pages = {139--159},
  publisher = {Springer-Verlag}
}

@INPROCEEDINGS{Abdalla2006a,
  author = {Abdalla, Michel and Bresson, Emmanuel and Chevassut, Olivier and
	M\"{o}ller, Bodo and Pointcheval, David},
  title = {{Provably secure password-based authentication in TLS}},
  booktitle = {{ASIACCS'06}},
  year = {2006},
  pages = {35--45},
  publisher = {ACM}
}

@ARTICLE{Abdalla2007,
  author = {Abdalla, Michel and Bresson, Emmanuel and Chevassut, Olivier and
	Moller, Bodo and Pointcheval, David},
  title = {{Strong password-based authentication in TLS using the three-party
	group Diffie Hellman protocol}},
  journal = {{Int. J. Secur. Netw.}},
  year = {2007},
  volume = {2},
  pages = {284--296},
  number = {3/4},
  month = apr
}

@INCOLLECTION{Abdalla2006,
  author = {Abdalla, Michel and Bresson, Emmanuel and Chevassut, Olivier and
	Pointcheval, David},
  title = {{Password-Based Group Key Exchange in a Constant Number of Rounds}},
  booktitle = {PKC'06},
  publisher = {Springer-Verlag},
  year = {2006},
  volume = {3958},
  series = {Lecture Notes in Computer Science},
  pages = {427--442}
}

@INPROCEEDINGS{AbdallaCCP09,
  author = {Michel Abdalla and Dario Catalano and C{\'e}line Chevalier and David
	Pointcheval},
  title = {{Password-Authenticated Group Key Agreement with Adaptive Security
	and Contributiveness}},
  booktitle = {AFRICACRYPT'09},
  year = {2009},
  volume = {5580},
  series = {Lecture Notes in Computer Science},
  pages = {254--271},
  publisher = {Springer-Verlag}
}

@INPROCEEDINGS{Abdalla2008,
  author = {Abdalla, Michel and Catalano, Dario and Chevalier, C{\'e}line and
	Pointcheval, David},
  title = {{Efficient two-party password-based key exchange protocols in the
	UC framework}},
  booktitle = {CT-RSA'08},
  year = {2008},
  volume = {4964},
  series = {Lecture Notes in Computer Science},
  pages = {335--351},
  publisher = {Springer-Verlag}
}

@INPROCEEDINGS{AbdallaCGP11,
  author = {Michel Abdalla and C{\'e}line Chevalier and Louis Granboulan and
	David Pointcheval},
  title = {{Contributory Password-Authenticated Group Key Exchange with Join
	Capability}},
  booktitle = {CT-RSA'11},
  year = {2011},
  volume = {6558},
  series = {Lecture Notes in Computer Science},
  pages = {142--160},
  publisher = {Springer-Verlag}
}

@INPROCEEDINGS{Abdalla2005b,
  author = {Abdalla, Michel and Chevassut, Olivier and Fouque, Pierre-Alain and
	Pointcheval, David},
  title = {{A simple threshold authenticated key exchange from short secrets}},
  booktitle = {{ASIACRYPT'05}},
  year = {2005},
  volume = {3788},
  series = {ASIACRYPT'05},
  pages = {566--584},
  publisher = {Springer-Verlag}
}

@INBOOK{Abdalla2005,
  pages = {65--84},
  title = {{Password-Based Authenticated Key Exchange in the Three-Party Setting}},
  publisher = {{Springer-Verlag}},
  year = {2005},
  author = {Abdalla, Michel and Fouque, Pierre-Alain and Pointcheval, David},
  volume = {3386},
  series = {Lecture Notes in Computer Science},
  booktitle = {{PKC'05}}
}

@INPROCEEDINGS{AbdallaP06,
  author = {Michel Abdalla and David Pointcheval},
  title = {{A Scalable Password-Based Group Key Exchange Protocol in the Standard
	Model}},
  booktitle = {ASIACRYPT'06},
  year = {2006},
  volume = {4284},
  series = {Lecture Notes in Computer Science},
  pages = {332--347},
  publisher = {Springer-Verlag}
}

@INPROCEEDINGS{Bagherzandi2011,
  author = {Bagherzandi, Ali and Jarecki, Stanislaw and Saxena, Nitesh and Lu,
	Yanbin},
  title = {{Password-protected secret sharing}},
  booktitle = {CCS'11},
  year = {2011},
  pages = {433--444},
  publisher = {ACM}
}

@INPROCEEDINGS{Bellare97,
  author = {Bellare, Mihir and Desai, Anand and Jokipii, Eron and Rogaway, Phillip},
  title = {{A Concrete Security Treatment of Symmetric Encryption}},
  booktitle = {{FOCS'97}},
  year = {1997},
  series = {Proceedings of the 38th Annual Symposium on Foundations of Computer
	Science},
  pages = {394--403},
  publisher = {IEEE Computer Society}
}

@INPROCEEDINGS{Bellare2000,
  author = {Bellare, Mihir and Pointcheval, David and Rogaway, Phillip},
  title = {{Authenticated key exchange secure against dictionary attacks}},
  booktitle = {{EUROCRYPT'00}},
  year = {2000},
  volume = {1807},
  series = {Lecture Notes in Computer Science},
  pages = {139--155},
  publisher = {{Springer-Verlag}}
}

@INPROCEEDINGS{Bellare1995,
  author = {Bellare, Mihir and Rogaway, Phillip},
  title = {{Provably secure session key distribution: the three party case}},
  booktitle = {{STOC'95}},
  year = {1995},
  series = {Proceedings of the twenty-seventh annual ACM symposium on Theory
	of computing},
  pages = {57--66},
  publisher = {ACM}
}

@INCOLLECTION{Bellare1993,
  author = {Bellare, Mihir and Rogaway, Phillip},
  title = {{Entity Authentication and Key Distribution}},
  booktitle = {CRYPTO'93},
  publisher = {Springer-Verlag},
  year = {1993},
  volume = {773},
  series = {Lecture Notes in Computer Science},
  pages = {232--249}
}

@INPROCEEDINGS{bellovin92,
  author = {Bellovin, S.M. and Merritt, Michael},
  title = {{Encrypted key exchange: password-based protocols secure against
	dictionary attacks}},
  booktitle = {{IEEE Computer Society Symposium on Research in Security and Privacy}},
  year = {1992},
  pages = {72--84}
}

@INPROCEEDINGS{Benhamouda2013,
  author = {Benhamouda, Fabrice and Blazy, Olivier and Chevalier, C\'{e}line
	and Pointcheval, David and Vergnaud, Damien},
  title = {{New Techniques for SPHFs and Efficient One-Round PAKE Protocols}},
  booktitle = {CRYPTO'13},
  year = {2013},
  volume = {8042},
  series = {Lecture Notes in Computer Science},
  pages = {449--475},
  publisher = {Springer-Verlag}
}

@INPROCEEDINGS{Blazy2012,
  author = {Blazy, Olivier and Pointcheval, David and Vergnaud, Damien},
  title = {{Round-Optimal privacy-preserving protocols with smooth projective
	hash functions}},
  booktitle = {TCC'12},
  year = {2012},
  volume = {7194},
  series = {Lecture Notes in Computer Science},
  pages = {94--111},
  publisher = {Springer-Verlag}
}

@INPROCEEDINGS{Blum82,
  author = {Manuel Blum and Silvio Micali},
  title = {{How to generate cryptographically strong sequences of pseudo randombits}},
  booktitle = {FOCS'82},
  year = {1982},
  series = {Proceedings of 23rd Annual Symposium on Foundations of Computer Science},
  pages = {112--117},
  publisher = {IEEE Computer Society}
}

@MISC{Bohli2006,
  author = {Jens-Matthias Bohli and Maria Isabel Gonzalez Vasco and Rainer Steinwandt},
  title = {{Password-Authenticated Constant-Round Group Key Establishment with
	a Common Reference String}},
  year = {2006},
  booktitle = {{IACR Eprint archive}}
}

@INPROCEEDINGS{BonehF01,
  author = {Dan Boneh and Matthew K. Franklin},
  title = {{Identity-Based Encryption from the Weil Pairing}},
  booktitle = {CRYPTO'01},
  year = {2001},
  volume = {2139},
  series = {Lecture Notes in Computer Science},
  pages = {213--229},
  publisher = {Springer-Verlag}
}

@INPROCEEDINGS{Boyen09,
  author = {Xavier Boyen},
  title = {{Hidden credential retrieval from a reusable password}},
  booktitle = {ASIACCS'09},
  year = {2009},
  pages = {228--238},
  publisher = {ACM}
}

@ARTICLE{Boyen2009a,
  author = {Boyen, Xavier},
  title = {{Hpake: Password authentication secure against cross-site user impersonation}},
  year = {2009},
  volume = {5888},
  pages = {279--298},
  booktitle = {CANS'09},
  publisher = {Springer-Verlag},
  series = {Lecture Notes in Computer Science}
}

@INPROCEEDINGS{BoyenCFP10,
  author = {Xavier Boyen and C{\'e}line Chevalier and Georg Fuchsbauer and David
	Pointcheval},
  title = {{Strong Cryptography from Weak Secrets}},
  booktitle = {AFRICACRYPT'10},
  year = {2010},
  volume = {6055},
  series = {Lecture Notes in Computer Science},
  pages = {297--315},
  publisher = {Springer-Verlag}
}

@INPROCEEDINGS{Boyko2000,
  author = {Boyko, Victor and MacKenzie, Philip and Patel, Sarvar},
  title = {{Provably secure password-authenticated key exchange using Diffie-Hellman}},
  booktitle = {{EUROCRYPT'00}},
  year = {2000},
  volume = {1807},
  series = {Lecture Notes in Computer Science},
  pages = {156--171},
  publisher = {{Springer-Verlag}}
}

@ARTICLE{BrChPo05,
  author = {Emmanuel Bresson and Olivier Chevassut and David Pointcheval},
  title = {{A Security Solution for IEEE 802.11's Ad-hoc Mode: Password Authentication
	and Group Diffie-Hellman Key Exchange}},
  journal = {International Journal of Wireless and Mobile Computing},
  year = {2007},
  volume = {2},
  pages = {4--13},
  number = {1}
}

@INPROCEEDINGS{Bresson02,
  author = {Emmanuel Bresson and Olivier Chevassut and David Pointcheval},
  title = {{Group Diffie-Hellman Key Exchange Secure against Dictionary Attacks}},
  booktitle = {ASIACRYPT'02},
  year = {2002},
  volume = {2501},
  series = {Lecture Notes in Computer Science},
  pages = {497--514},
  publisher = {Springer-Verlag}
}

@INPROCEEDINGS{BrierCIMRT10,
  author = {Brier, Eric and Coron, Jean-S{\'e}bastien and Icart, Thomas and Madore,
	David and Randriam, Hugues and Tibouchi, Mehdi},
  title = {{Efficient indifferentiable hashing into ordinary elliptic curves}},
  booktitle = {CRYPTO'10},
  year = {2010},
  volume = {6223},
  series = {Lecture Notes in Computer Science},
  pages = {237--254},
  publisher = {Springer-Verlag}
}

@OTHER{skullSecurity,
  author = {Ron Bowes},
  howpublished = {\url{https://wiki.skullsecurity.org/Passwords}},
  month = sep,
  title = {{Passwords}},
  year = {2015}
}

@OTHER{XatoPwds2,
  author = {Mark Burnett},
  howpublished = {\url{https://xato.net/passwords/ten-million-passwords}},
  month = sep,
  title = {{Ten Million Passwords}},
  year = {2015}
}

@OTHER{XatoPwds,
  author = {Mark Burnett},
  howpublished = {\url{https://xato.net/passwords/more-top-worst-passwords/}},
  month = sep,
  title = {{10,000 Top Passwords}},
  year = {2013}
}

@TECHREPORT{Burr11,
  author = {Burr, William E. and Dodson, Donna F. and Newton, Elaine M. and Perlner,
	Ray A. and Polk, W. Timothy and Gupta, Sarbari and Nabbus, Emad A.},
  title = {{SP 800-63-1. Electronic Authentication Guideline}},
  year = {2011},
  address = {Gaithersburg, MD, United States},
  publisher = {{National Institute of Standards \& Technology}},
  timestamp = {2013.09.13}
}

@ARTICLE{Burrows90,
  author = {Burrows, Michael and Abadi, Martin and Needham, Roger},
  title = {{A logic of authentication}},
  journal = {ACM Trans. Comput. Syst.},
  year = {1990},
  volume = {8},
  pages = {18--36},
  number = {1},
  month = feb,
  publisher = {ACM}
}

@INPROCEEDINGS{Camenisch2010,
  author = {Camenisch, Jan and Casati, Nathalie and Gross, Thomas and Shoup,
	Victor},
  title = {{Credential authenticated identification and key exchange}},
  booktitle = {CRYPTO'10},
  year = {2010},
  volume = {6223},
  series = {Lecture Notes in Computer Science},
  pages = {255--276},
  publisher = {Springer-Verlag}
}

@INPROCEEDINGS{Camenisch2012,
  author = {Camenisch, Jan and Lysyanskaya, Anna and Neven, Gregory},
  title = {{Practical yet universally composable two-server password-authenticated
	secret sharing}},
  booktitle = {CCS'12},
  year = {2012},
  series = {Proceedings of the 2012 ACM conference on Computer and communications
	security},
  pages = {525--536},
  address = {New York, NY, USA},
  publisher = {ACM}
}

@INPROCEEDINGS{Canetti2001a,
  author = {Canetti, R.},
  title = {{Universally Composable Security: A New Paradigm for Cryptographic
	Protocols}},
  booktitle = {{FOCS'01}},
  year = {{2001}},
  series = {Proceedings of the 42th Annual Symposium on Foundations of Computer
	Science},
  pages = {136},
  publisher = {{IEEE Computer Society}}
}

@INPROCEEDINGS{Canetti2005,
  author = {Canetti, Ran and Halevi, Shai and Katz, Jonathan and Lindell, Yehuda
	and MacKenzie, Phil},
  title = {{Universally Composable Password-Based Key Exchange}},
  booktitle = {{EUROCRYPT'05}},
  year = {{2005}},
  volume = {3494},
  series = {Lecture Notes in Computer Science},
  pages = {404--421},
  publisher = {{Springer-Verlag}}
}

@INPROCEEDINGS{ChooBH05,
  author = {Kim-Kwang Raymond Choo and Colin Boyd and Yvonne Hitchcock},
  title = {{Examining Indistinguishability-Based Proof Models for Key Establishment
	Protocols}},
  booktitle = {ASIACRYPT'05},
  year = {2005},
  volume = {3788},
  series = {Lecture Notes in Computer Science},
  pages = {585--604},
  publisher = {Springer-Verlag}
}

@INPROCEEDINGS{CliffTB06,
  author = {Yvonne Cliff and Yiu Shing Terry Tin and Colin Boyd},
  title = {{Password Based Server Aided Key Exchange}},
  booktitle = {ACNS'06},
  year = {2006},
  volume = {3989},
  series = {Lecture Notes in Computer Science},
  pages = {146--161},
  publisher = {Springer-Verlag}
}

@ARTICLE{cortier2011survey,
  author = {Cortier, V{\'e}ronique and Kremer, Steve and Warinschi, Bogdan},
  title = {{A survey of symbolic methods in computational analysis of cryptographic
	systems}},
  journal = {Journal of Automated Reasoning},
  year = {2011},
  volume = {46},
  pages = {225--259},
  number = {3-4},
  publisher = {Springer-Verlag}
}

@inproceedings{Cramer2002,
  author =        {Cramer, Ronald and Shoup, Victor},
  pages =         {45--64},
  publisher =     {{Springer-Verlag}},
  booktitle =        {{EUROCRYPT'02}},
  title =         {{Universal Hash Proofs and a Paradigm for Adaptive Chosen Ciphertext Secure Public-Key Encryption}},
  year =          {{2002}},
  volume    = {2332},
  series    = {Lecture Notes in Computer Science},
}

@INPROCEEDINGS{Cramer1998,
  author = {Cramer, Ronald and Shoup, Victor},
  title = {{A practical public key cryptosystem provably secure against adaptive
	chosen ciphertext attack}},
  booktitle = {CRYPTO'98},
  year = {1998},
  volume = {1462},
  series = {Lecture Notes in Computer Science},
  pages = {13--25},
  publisher = {Springer-Verlag}
}

@ARTICLE{cryptoeprint:2012:537,
  author = {{\"O}zgur Dagdelen and Marc Fischlin},
  title = {{Unconditionally-Secure Universally Composable Password-Based Key-Exchange
	based on One-Time Memory Tokens}},
  journal = {{IACR Cryptology ePrint Archive}},
  year = {2012},
  volume = {{2012}},
  note = {\url{http://eprint.iacr.org/}},
  howpublished = {Cryptology ePrint Archive, Report 2012/537},
  timestamp = {2013.09.12}
}

@INPROCEEDINGS{DeMillo82,
  author = {DeMillo, Richard A. and Lynch, Nancy A. and Merritt, Michael J.},
  title = {{Cryptographic protocols}},
  booktitle = {STOC'82},
  year = {1982},
  series = {Proceedings of the 14th annual ACM symposium on Theory of computing},
  pages = {383--400},
  publisher = {ACM}
}

@INPROCEEDINGS{Dolev83,
  author = {Dolev, D. and Yao, Andrew C.},
  title = {{On the security of public key protocols}},
  booktitle = {FOCS'81},
  year = {1981},
  series = {Proceedings of 22nd Annual Symposium on Foundations of Computer Science},
  pages = {350-357},
  publisher = {IEEE Computer Society}
}

@ARTICLE{Dutta2006,
  author = {Dutta, Ratna and Barua, Rana},
  title = {{Password-based Encrypted Group Key Agreement}},
  journal = {I. J. Network Security},
  year = {2006},
  volume = {3},
  pages = {23--34},
  number = {1}
}

@INPROCEEDINGS{pseudorandomSignatures,
  author = {Fleischhacker, Nils and G{\"u}nther, Felix and Kiefer, Franziskus
	and Manulis, Mark and Poettering, Bertram},
  title = {{Pseudorandom Signatures}},
  booktitle = {ASIACCS'13},
  year = {{2013}},
  pages = {107--118},
  publisher = {ACM}
}

@INPROCEEDINGS{Florencio2007,
  author = {Florencio, Dinei and Herley, Cormac},
  title = {{A large-scale study of web password habits}},
  booktitle = {Proceedings of the 16th international conference on World Wide Web},
  year = {2007},
  volume = {20},
  series = {WWW'07},
  pages = {657--666},
  publisher = {ACM}
}

@OTHER{OpenID,
  author = {OpenID Foundation},
  howpublished = {\url{http://openid.net/specs/openid-authentication-2_0.html}},
  month = oct,
  timestamp = {2013.10.28},
  title = {{OpenID Authentication 2.0 - Final}},
  year = {2007}
}

@INPROCEEDINGS{Gaw2006,
  author = {Gaw, Shirley and Felten, Edward W},
  title = {{Password management strategies for online accounts}},
  booktitle = {SOUPS'06},
  year = {2006},
  series = {Proceedings of the second symposium on Usable privacy and security},
  pages = {44--55},
  publisher = {ACM}
}

@INPROCEEDINGS{Gennaro2008,
  author = {Gennaro, Rosario},
  title = {{Faster and Shorter Password-Authenticated Key Exchange}},
  booktitle = {TCC'08},
  year = {2008},
  volume = {4948},
  series = {Lecture Notes in Computer Science},
  pages = {589--606},
  publisher = {Springer-Verlag}
}

@ARTICLE{Gennaro2003,
  author = {Gennaro, Rosario and Lindell, Yehuda},
  title = {{A Framework for Password-Based Authenticated Key Exchange}},
  journal = {{ACM Trans. Inf. Syst. Secur.}},
  year = {2006},
  volume = {9},
  pages = {181--234},
  number = {2},
  month = {{may}},
  publisher = {ACM}
}

@INCOLLECTION{Gentry2006,
  author = {Gentry, Craig and MacKenzie, Philip and Ramzan, Zulfikar},
  title = {{A Method for Making Password-Based Key Exchange Resilient to Server
	Compromise}},
  booktitle = {CRYPTO'06},
  publisher = {Springer-Verlag},
  year = {2006},
  volume = {4117},
  series = {Lecture Notes in Computer Science},
  pages = {142--159}
}

@INPROCEEDINGS{gill1977,
  author = {Gill, John},
  title = {{Computational complexity of probabilistic Turing machines}},
  booktitle = {STOC'74},
  year = {1974},
  series = {Proceedings of the 6th Annual ACM Symposium on Theory of Computing},
  pages = {91--95}
}

@INBOOK{Goldreich01,
  pages = {408--432},
  title = {{Session-Key Generation Using Human Passwords Only}},
  publisher = {Springer-Verlag},
  year = {2001},
  author = {Goldreich, Oded and Lindell, Yehuda},
  volume = {2139},
  series = {Lecture Notes in Computer Science}
}

@INPROCEEDINGS{Goldreich87,
  author = {Goldreich, O. and Micali, S. and Wigderson, A.},
  title = {{How to play ANY mental game}},
  booktitle = {STOC'87},
  year = {1987},
  series = {Proceedings of the 19th annual ACM symposium on Theory of computing},
  pages = {218--229},
  publisher = {ACM}
}

@ARTICLE{Goldwasser84,
  author = {Goldwasser, Shafi. and Micali, Silvio},
  title = {{Probabilistic Encryption}},
  journal = {J. Comput. Syst. Sci.},
  year = {1984},
  volume = {28},
  pages = {270--299},
  number = {2}
}

@INPROCEEDINGS{Goldwasser82,
  author = {Goldwasser, Shafi and Micali, Silvio},
  title = {{Probabilistic encryption \& how to play mental poker keeping secret
	all partial information}},
  booktitle = {STOC'82},
  year = {1982},
  series = {Proceedings of the 14th annual ACM symposium on Theory of computing},
  pages = {365--377},
  publisher = {ACM}
}

@INPROCEEDINGS{HaoC12,
  author = {Feng Hao and Dylan Clarke},
  title = {{Security Analysis of a Multi-factor Authenticated Key Exchange Protocol}},
  booktitle = {ACNS},
  year = {2012},
  volume = {7341},
  series = {Lecture Notes in Computer Science},
  pages = {1--11},
  publisher = {Springer-Verlag}
}

@ARTICLE{Herzog2005,
  author = {Jonathan Herzog},
  title = {{A computational interpretation of Dolev-Yao adversaries}},
  journal = {Theoretical Computer Science},
  year = {2005},
  volume = {340},
  pages = {57--81},
  number = {1},
}

@OTHER{FB2Factor,
  author = {{Facebook Inc.}},
  howpublished = {\url{https://www.facebook.com/help/www/270942386330392}},
  month = sep,
  timestamp = {2013.09.23},
  title = {{What is Code Generator? How does it work?}},
  year = {2013}
}

@OTHER{GAuthenticator,
  author = {{Google Inc.}},
  howpublished = {\url{https://github.com/google/google-authenticator/}},
  month = sep,
  timestamp = {2013.09.23},
  title = {{google-authenticator --- Two-step verification}},
  year = {2013}
}

@OTHER{Github2Factor,
  author = {{GitHub Inc.}},
  howpublished = {\url{https://help.github.com/articles/about-two-factor-authentication}},
  month = sep,
  timestamp = {2013.09.23},
  title = {{About Two-Factor Authentication}},
  year = {2013}
}

@OTHER{Google2Factor,
  author = {{Google Inc.}},
  howpublished = {\url{http://www.google.co.uk/landing/2step/}},
  month = sep,
  timestamp = {2013.09.23},
  title = {{Stronger security for your Google Account}},
  year = {2013}
}

@OTHER{Twitter2Factor,
  author = {{Twitter Inc.}},
  howpublished = {\url{https://blog.twitter.com/2013/improvements-to-login-verification-photos-and-more}},
  month = aug,
  timestamp = {2013.09.23},
  title = {{Improvements to login verification, photos and more}},
  year = {2013}
}

@ARTICLE{Jablon96,
  author = {Jablon, David P.},
  title = {{Strong password-only authenticated key exchange}},
  journal = {SIGCOMM Comput. Commun. Rev.},
  year = {1996},
  volume = {26},
  pages = {5--26},
  number = {5},
  month = oct,
  publisher = {ACM}
}

@BOOK{katz2008introduction,
  title = {{Introduction to modern cryptography}},
  publisher = {CRC Press},
  year = {2008},
  author = {Katz, Jonathan and Lindell, Yehuda}
}

@INPROCEEDINGS{Katz2012a,
  author = {Katz, Jonathan and MacKenzie, Philip and Taban, Gelareh and Gligor,
	Virgil},
  title = {{Two-server password-only authenticated key exchange}},
  booktitle = {ACNS'05},
  year = {2005},
  volume = {3531},
  series = {Lecture Notes in Computer Science},
  pages = {1--16}
}

@ARTICLE{Katz2009a,
  author = {Katz, Jonathan and Ostrovsky, Rafail and Yung, Moti},
  title = {{Efficient and Secure Authenticated Key Exchange Using Weak Passwords}},
  journal = {{J. ACM}},
  year = {{2009}},
  volume = {{57}},
  pages = {3:1--3:39},
  number = {{1}},
  month = {{nov}},
  articleno = {{3}},
  publisher = {{ACM}}
}

@INPROCEEDINGS{KatzOY01,
  author = {Jonathan Katz and Rafail Ostrovsky and Moti Yung},
  title = {{Efficient Password-Authenticated Key Exchange Using Human-Memorable
	Passwords}},
  booktitle = {EUROCRYPT'01},
  year = {2001},
  volume = {2045},
  series = {Lecture Notes in Computer Science},
  pages = {475--494},
  publisher = {Springer-Verlag}
}

@INPROCEEDINGS{Katz2011,
  author = {Katz, Jonathan and Vaikuntanathan, Vinod},
  title = {{Round-optimal password-based authenticated key exchange}},
  booktitle = {TCC'11},
  year = {2011},
  volume = {6597},
  series = {Lecture Notes in Computer Science},
  pages = {293--310},
  publisher = {Springer-Verlag}
}

@BOOK{Kaufmann02,
  title = {{Network Security: Private Communication in a Public World (2nd Edition)}},
  publisher = {Prentice Hall},
  year = {2002},
  author = {Kaufman, Charlie and Perlman, Radia and Speciner Mike}
}

@INCOLLECTION{Kemmerer1988,
  author = {Kemmerer, Richard A.},
  title = {{Analyzing Encryption Protocols Using Formal Verification Techniques}},
  booktitle = {CRYPTO'87},
  publisher = {Springer-Verlag},
  year = {1987},
  volume = {293},
  series = {Lecture Notes in Computer Science},
  pages = {289--305},
  __markedentry = {[franziskus:]}
}

MASTERSTHESIS{Kiefer2012,
  author = { Franziskus Kiefer },
  title = {{Password-based Authentication Suitable for the Web}},
  school = { TU Darmstadt },
  year = { 2012 },
  type = { Master Thesis },
  month = { oct },
  organization = { Department of Computer Science },
  owner = {franziskus},
  research_area = { Cryptographic Protocols, CASED },
  timestamp = {2013.10.28},
  url = { https://dl.dropboxusercontent.com/u/188585/data/MasterThesis.pdf }
}

@MISC{Kiefer13a,
  author = {Franziskus Kiefer and Mark Manulis},
  title = {{Oblivious PAKE: Efficient Handling of Password Trials}},
  howpublished = {Cryptology ePrint Archive, Report 2013/127},
  year = {2013},
  note = {\url{http://eprint.iacr.org/}},
  owner = {franziskus},
  timestamp = {2013.11.11}
}

@INCOLLECTION{Kim2004,
  author = {Kim, Hyun-Jeong and Lee, Su-Mi and Lee, DongHoon},
  title = {{Constant-Round Authenticated Group Key Exchange for Dynamic Groups}},
  booktitle = {ASIACRYPT 2004},
  publisher = {Springer-Verlag},
  year = {2004},
  volume = {3329},
  series = {Lecture Notes in Computer Science},
  pages = {245--259}
}

@OTHER{AnotherLook,
  author = {Koblitz, Neal and Menezes, Alfred},
  howpublished = {\url{http://anotherlook.ca/}},
  month = sep,
  timestamp = {2013.09.23},
  title = {{Another Look at Provable Security}},
  year = {2013}
}

@INPROCEEDINGS{LiuWM10,
  author = {Ying Liu and Fushan Wei and Chuangui Ma},
  title = {{Multi-Factor Authenticated Key Exchange Protocol in the Three-Party
	Setting}},
  booktitle = {Inscrypt'10},
  year = {2010},
  volume = {6584},
  series = {Lecture Notes in Computer Science},
  pages = {255--267},
  publisher = {Springer-Verlag}
}

@INPROCEEDINGS{MacKenzieSJ02,
  author = {Philip D. MacKenzie and Thomas Shrimpton and Markus Jakobsson},
  title = {Threshold Password-Authenticated Key Exchange},
  booktitle = {CRYPTO'02},
  year = {2002},
  volume = {2442},
  series = {Lecture Notes in Computer Science},
  pages = {385--400},
  publisher = {Springer-Verlag}
}

@INPROCEEDINGS{Manulis2010,
  author = {Manulis, Mark and Pinkas, Benny and Poettering, Bertram},
  title = {{Privacy-preserving group discovery with linear complexity}},
  booktitle = {ACNS'10},
  year = {2010},
  volume = {6123},
  series = {Lecture Notes in Computer Science},
  pages = {420--437},
  publisher = {Springer-Verlag}
}

@INPROCEEDINGS{Manulis2011,
  author = {Manulis, Mark and Poettering, Bertram},
  title = {{Practical affiliation-hiding authentication from improved polynomial
	interpolation}},
  booktitle = {ASIACCS'11},
  year = {2011},
  pages = {286--295},
  publisher = {ACM}
}

@MISC{MSD13,
  author = {Mark Manulis and Douglas Stebila and Nick Denham},
  title = {{Secure modular password authentication for the web using channel
	bindings}},
  month = {August},
  year = {2013},
  timestamp = {2013.10.28},
  url = {http://www.douglas.stebila.ca/research/papers/MSD13/}
}

@inproceedings{Manulis2014,
	author = {Manulis, Mark and Stebila, Douglas and Denham, Nick},
	 title = {Secure Modular Password Authentication for the Web Using Channel Bindings},
	 booktitle = {1st International Conference on Security Standardization Research (SSR 2014)},
	 series = {LNCS},
	 year = {2014},
	 pages = {167--189},
	 publisher = {Springer},
   volume = {8893},
}

@INPROCEEDINGS{Meadows91,
  author = {Meadows, C.},
  title = {{A system for the specification and analysis of key management protocols}},
  booktitle = {IEEE Computer Society Symposium on Research in Security and Privacy},
  year = {1991},
  pages = {182--195}
}

@INPROCEEDINGS{Micali86,
  author = {Silvio Micali and Charles Rackoff and Bob Sloan},
  title = {{The Notion of Security for Probabilistic Cryptosystems}},
  booktitle = {CRYPTO'86},
  year = {1986},
  volume = {263},
  series = {Lecture Notes in Computer Science},
  pages = {381-392},
  publisher = {Springer-Verlag}
}

@ARTICLE{Millen87,
  author = {Millen, J.K. and Clark, S.C. and Freedman, S.B.},
  title = {{The Interrogator: Protocol Secuity Analysis}},
  journal = {IEEE Trans. Software Eng.},
  year = {1987},
  volume = {13},
  pages = {274--288},
  number = {2}
}

@ARTICLE{Needham87,
  author = {Needham, R M and Schroeder, M D},
  title = {{Authentication revisited}},
  journal = {Operating Systems Review},
  year = {1987},
  volume = {21},
  pages = {7},
  number = {1},
  month = jan,
  publisher = {ACM}
}

@ARTICLE{Needham78,
  author = {Needham, Roger M. and Schroeder, Michael D.},
  title = {{Using encryption for authentication in large networks of computers}},
  journal = {Commun. ACM},
  year = {1978},
  volume = {21},
  pages = {993--999},
  number = {12},
  month = dec,
  publisher = {ACM}
}

@INPROCEEDINGS{NguyenV04,
  author = {Minh-Huyen Nguyen and Salil P. Vadhan},
  title = {{Simpler Session-Key Generation from Short Random Passwords}},
  booktitle = {TCC'04},
  year = {2004},
  volume = {2951},
  series = {Lecture Notes in Computer Science},
  pages = {428--445},
  publisher = {Springer-Verlag}
}

@OTHER{JohnTheRipper,
  author = {Openwall},
  howpublished = {\url{http://www.openwall.com/john/}},
  month = sep,
  timestamp = {2013.09.23},
  title = {{John the Ripper password cracker}},
  year = {2013}
}

@OTHER{JohnTheRipperWordlist,
  author = {Openwall},
  howpublished = {\url{http://www.openwall.com/wordlists/}},
  month = sep,
  timestamp = {2013.09.23},
  title = {{Openwall wordlists collection}},
  year = {2013}
}

@INPROCEEDINGS{Pointcheval2012,
  author = {Pointcheval, David},
  title = {{Password-Based authenticated key exchange}},
  booktitle = {PKC'12},
  year = {2012},
  volume = {7293},
  series = {Lecture Notes in Computer Science},
  pages = {390--397},
  publisher = {Springer-Verlag}
}

@INPROCEEDINGS{PointchevalZ08,
  author = {David Pointcheval and S{\'e}bastien Zimmer},
  title = {{Multi-factor Authenticated Key Exchange}},
  booktitle = {ACNS'08},
  year = {2008},
  volume = {5037},
  series = {Lecture Notes in Computer Science},
  pages = {277--295},
  publischer = {Springer-Verlag}
}

@INPROCEEDINGS{RaimondoG03,
  author = {Mario Di Raimondo and Rosario Gennaro},
  title = {{Provably Secure Threshold Password-Authenticated Key Exchange}},
  booktitle = {EUROCRYPT'03},
  year = {2003},
  volume = {2656},
  series = {Lecture Notes in Computer Science},
  pages = {507--523},
  publisher = {Springer-Verlag}
}

@ARTICLE{santos1969,
  author = {Santos, Eugene S},
  title = {{Probabilistic Turing machines and computability}},
  journal = {Proceedings of the American Mathematical Society},
  year = {1969},
  volume = {22},
  pages = {704--710},
  number = {3},
  owner = {franziskus},
  publisher = {JSTOR},
  timestamp = {2013.09.27}
}

@MISC{Shoup2004,
  author = {Victor Shoup},
  title = {{Sequences of games: a tool for taming complexity in security proofs}},
  howpublished = {Cryptology ePrint Archive, Report 2004/332},
  year = {2004},
  note = {\url{http://eprint.iacr.org/}},
  timestamp = {2013.10.06}
}

@INPROCEEDINGS{SUC10,
  author = {Douglas Stebila and Poornaprajna Udupi and Sheueling Chang},
  title = {{Multi-factor password-authenticated key exchange}},
  booktitle = {AISC'10},
  year = {2010},
  volume = {105},
  series = {Conferences in Research and Practice in Information Technology},
  pages = {56--66},
  month = {January},
  publisher = {Australian Computer Society},
  note = {Full version available as \url{http://eprint.iacr.org/2008/214}},
  booktitleshort = {Proc. AISC 2010},
  url = {http://crpit.scm.uws.edu.au/abstracts/CRPITV105Stebila.html}
}

@ARTICLE{Hao2013,
  author = {Tsai, Hao-Chuan and Chang, Chin-Chen},
  title = {{Provably secure three party encrypted key exchange scheme with explicit
	authentication}},
  journal = {Inf. Sci.},
  year = {2013},
  volume = {238},
  pages = {242--249},
  month = jul,
  publisher = {Elsevier Science Inc.}
}

@ARTICLE{TsaiC13,
  author = {Hao-Chuan Tsai and Chin-Chen Chang},
  title = {{Provably secure three party encrypted key exchange scheme with explicit
	authentication}},
  journal = {Inf. Sci.},
  year = {2013},
  volume = {238},
  pages = {242--249},
  bibsource = {DBLP, http://dblp.uni-trier.de},
  ee = {http://dx.doi.org/10.1016/j.ins.2013.03.010}
}

@ARTICLE{Turing37,
  author = {Alan Turing},
  title = {{On Computable Numbers, With an Application to the Entscheidungsproblem}},
  journal = {{Proceedings of the London Mathematical Society}},
  year = {1937},
  volume = {43},
  pages = {254--254},
  owner = {franziskus},
  timestamp = {2013.09.17}
}

@ARTICLE{Ur2012,
  author = {Ur, Blase and Kelley, Patrick Gage and Komanduri, Saranga and Lee,
	Joel and Maass, Michael and Mazurek, Michelle L and Passaro, Timothy
	and Shay, Richard and Vidas, Timothy and Bauer, Lujo and Christin,
	Nicolas and Cranor, Lorrie Faith},
  title = {{How does your password measure up? The effect of strength meters
	on password creation}},
  journal = {USENIX'12},
  year = {2012},
  publisher = {USENIX Association}
}

@INPROCEEDINGS{Wu1998,
  author = {Wu, Thomas},
  title = {{The Secure Remote Password Protocol}},
  booktitle = {NDSS},
  year = {1998},
  volume = {98},
  pages = {97--111},
  publisher = {The Internet Society}
}

@INPROCEEDINGS{Yao82,
  author = {Yao, Andrew C. and Yao, Andrew C. and Yao, Andrew C. and Yao, Andrew
	C.},
  title = {{Theory and application of trapdoor functions}},
  booktitle = {FOCS'82},
  year = {1982},
  series = {Proceedings of 23rd Annual Symposium on Foundations of Computer Science},
  pages = {80--91}
}

@INPROCEEDINGS{Yoneyama08,
  author = {Kazuki Yoneyama},
  title = {{Efficient and Strongly Secure Password-Based Server Aided Key Exchange
	(Extended Abstract)}},
  booktitle = {INDOCRYPT'08},
  year = {2008},
  volume = {5365},
  series = {Lecture Notes in Computer Science},
  pages = {172--184},
  publisher = {Springer-Verlag}
}

@OTHER{WaterlooComplexity,
  author = {Complexity Zoo},
  howpublished = {\url{https://complexityzoo.uwaterloo.ca/Complexity_Zoo}},
  month = sep,
  timestamp = {2013.09.23},
  title = {{Complexity Zoo at University of Waterloo}},
  year = {2013}
}
