

@article{ManulisSKD15a,
  author    = {Mark Manulis and Douglas Stebila and Franziskus Kiefer and Nick Denham},
  title     = {{Secure modular password authentication for the web using channel bindings}},
  journal   = {Int. J. Inf. Sec.},
  volume    = {?},
  number    = {?},
  pages     = {?},
  year      = {2015},
}

@misc{DongK15a,
	author = {Changyu Dong and Franziskus Kiefer},
	title = {{BPR with MSIC}},
	howpublished = {Cryptology ePrint Archive, Report 2015/???},
	year = {2015},
	url = {http://eprint.iacr.org/2013/???.pdf}
}

@misc{KieferM15c,
	author = {Franziskus Kiefer and Mark Manulis},
	title = {{Two-Server BPR}},
	howpublished = {Cryptology ePrint Archive, Report 2015/???},
	year = {2015},
	url = {http://eprint.iacr.org/2013/???.pdf}
}

@misc{KieferM15b,
	author = {Franziskus Kiefer and Mark Manulis},
	title = {{UC-secure Two-Server PAKE}},
	howpublished = {Cryptology ePrint Archive, Report 2015/???},
	year = {2015},
	url = {http://eprint.iacr.org/2013/???.pdf}
}

@misc{KieferM15a,
	author = {Franziskus Kiefer and Mark Manulis},
	title = {{Blind Password Registration for Verifier-Based PAKE}},
	howpublished = {Cryptology ePrint Archive, Report 2015/???},
	year = {2015},
	url = {http://eprint.iacr.org/2013/???.pdf}
}

@inproceedings{KieferM14b,
  author    = {Franziskus Kiefer and
               Mark Manulis},
  title     = {{Zero-Knowledge Password Policy Checks and Verifier-Based PAKE}},
  booktitle = {ESORICS'14},
  pages     = {295--312},
  year      = {2014},
  series    = {LNCS},
  volume    = {8713},
  publisher = {Springer},
}

@inproceedings{KieferM14a,
  author    = {Franziskus Kiefer and
               Mark Manulis},
  title     = {{Distributed Smooth Projective Hashing and Its Application to Two-Server
               Password Authenticated Key Exchange}},
  booktitle = {ANCS'14},
  pages     = {199--216},
  year      = {2014},
  series    = {LNCS},
  volume    = {8479},
  publisher = {Springer},
}


@inproceedings{BHK2013,
	author = {Johannes Braun and Andreas H\"ulsing and Franziskus Kiefer},
	title = {{Revocation \& Non-Repudiation: When the first destroys the latter}},
	series = {EuroPKI 2013},
	year = {2013},
}

@inproceedings{FGKMP2013,
	author = {Nils Fleischhacker and Felix G\"{u}nther and Franziskus Kiefer and Mark Manulis and Bertram Poettering},
	title = {{Pseudorandom signatures}},
	booktitle = {Proceedings of the 8th ACM SIGSAC symposium on Information, computer and communications security},
	series = {ASIA CCS '13},
	year = {2013},
	isbn = {978-1-4503-1767-2},
	location = {Hangzhou, China},
	pages = {107--118},
	numpages = {12},
	url = {http://doi.acm.org/10.1145/2484313.2484325},
	doi = {10.1145/2484313.2484325},
	acmid = {2484325},
	publisher = {ACM},
	address = {New York, NY, USA},
	keywords = {digital signatures, hierarchy, privacy, pseudorandomness},
} 

@inproceedings{TUD-CS-2010-2445,
	author = {Johannes Buchmann and Johannes Braun and Moritz Horsch and Detlef H{\"u}hnlein and Franziskus Kiefer and Falko Strenzke and Alexander Wiesmaier},
	title = {{Towards a mobile eCard Client}},
	month = dez,
	year = {2010},
	booktitle = {13. Kryptotag},
	url = {http://www.seceng.informatik.tu-darmstadt.de/assets/Kryptotag/Tagungsband-13-Kryptotag-Darmstadt.pdf},
	pages = {4},
	location = {Darmstadt},
	language = {englisch},
	pubkey = {TUD-CS-2010-2445},
	research_area = {Theoretische Informatik - Kryptographie und Computeralgebra, CASED},
	research_sub_area = {Secure Data, Public-Key Infrastrukturen (PKI)},
}

@inproceedings{KWF2012,
	author = {Franziskus Kiefer and Alexander Wiesmaier and Christian Fritz},
	title = {Practical Security in E-Mail Applications},
	month = jul,
	year = {2012},
	booktitle = {The 2012 International Conference on Security and Management},
	location = {Las Vegas, USA},
	language = {english},
	pubkey = {TUD-CS-2012-0049},
	research_area = {Theoretische Informatik - Kryptographie und Computeralgebra, CASED},
	research_sub_area = {Secure Data},
	pages = {138--144},
	Website = {sam.udmercy.edu/sam12/index.html (Link: http://www.cdc.informatik.tu-darmstadt.de/\"http://sam.udmercy.edu/sam12/index.html\" )},
	url = {http://www.cdc.informatik.tu-darmstadt.de/reports/reports/KWF12_CryptoBird.pdf},
}

@inproceedings{Wiesmaier2011,
	author = {Alex Wiesmaier and Moritz Horsch and Johannes Braun and Franziskus Kiefer and Detlef H{\"u}hnlein and Falko Strenzke and Johannes Buchmann},
	title = {An efficient mobile PACE implementation},
	booktitle = {Proceedings of the 6th ACM Symposium on Information, Computer and Communications Security},
	series = {ASIACCS '11},
	year = {2011},
	isbn = {978-1-4503-0564-8},
	location = {Hong Kong, China},
	pages = {176--185},
	numpages = {10},
	url = {http://doi.acm.org/10.1145/1966913.1966936},
	doi = {10.1145/1966913.1966936},
	acmid = {1966936},
	publisher = {ACM},
	address = {New York, NY, USA},
	keywords = {European citizen card, Java platform micro edition (Java ME), efficient exponentiation, electronic identities (eID), elliptic curve cryptography (ECC), extended access control (EAC), mobile devices, near field communication (NFC), password authenticated connection establishment (PACE)},
} 

@mastersthesis{Kiefer2010,
	author = {Franziskus Kiefer},
	title = {{Effiziente Implementierung des PACE- und EAC Protokolls f{\"u}r mobile Ger{\"a}te}},
	month = jul,
	year = {2010},
	school = {TU Darmstadt},
	type = {Bachelor Thesis},
	pubkey = {TUD-CS-2010-1870},
	research_area = {Theoretische Informatik - Kryptographie und Computeralgebra, CASED},
	research_sub_area = {Secure Data},
	organization = {Department of Computer Science},
	url = {http://www.cdc.informatik.tu-darmstadt.de/mona/pubs/201007_BA_Effiziente_Implementierung_des_PACE-_und_EAC_Protokolls_fuer_mobile_Geraete.pdf}
}

@mastersthesis{Kiefer2012,
	author = {Franziskus Kiefer},
	title = {{Password-based Authentication Suitable for the Web}},
	month = oct,
	year = {2012},
	school = {TU Darmstadt},
	type = {Master Thesis},
	research_area = {Cryptographic Protocols, CASED},
	organization = {Department of Computer Science},
	url = {http://www.franziskuskiefer.de/data/MasterThesis.pdf}
}

@misc{cryptoeprint:2013:127,
	author = {Franziskus Kiefer and Mark Manulis},
	title = {{Oblivious PAKE and Efficient Handling of Password Trials}},
	howpublished = {Cryptology ePrint Archive, Report 2013/127},
	year = {2013},
	note = {\url{http://eprint.iacr.org/}},
	url = {http://eprint.iacr.org/2013/127.pdf}
}

@misc{GruPa,
	author = {Mark Manulis and Nils Fleischhacker and Felix G{\"u}nther and Franziskus Kiefer and Bertram Poettering},
	title = {{Group Signatures - Authentication with Privacy}},
	howpublished = {German Information Security Agency (GISA)},
	year = {2012},
	note = {\url{https://www.bsi.bund.de/EN/}},
}

@misc{cryptoeprint:2011:673,
	author = {Nils Fleischhacker and Felix G{\"u}nther and Franziskus Kiefer and Mark Manulis and Bertram Poettering},
	title = {{Pseudorandom Signatures}},
	howpublished = {Cryptology ePrint Archive, Report 2011/673},
	year = {2011},
	note = {\url{http://eprint.iacr.org/}},
	url = {http://eprint.iacr.org/2011/673.pdf}
}
